jackhunt@Jacks-MacBook-Pro.local.3068