@Book{NumericalRecipes,
  author = {Press, William H. and Teukolsky, Saul A. and Vetterling, William T. and Flannery, Brian P.},
  title = {Numerical Recipes in C (2Nd Ed.): The Art of Scientific Computing},
  year = {1992},
  isbn = {0-521-43108-5},
  publisher = {Cambridge University Press},
  address = {New York, NY, USA},
}

@Book{BishopPRML,
  title={Pattern Recognition and Machine Learning},
  author={Bishop, C.M.},
  isbn={9780387310732},
  lccn={2006922522},
  series={Information Science and Statistics},
  url={https://books.google.co.uk/books?id=kTNoQgAACAAJ},
  year={2006},
  publisher={Springer}
}

@book{Murphy2012ML,
  author = {Murphy, Kevin P.},
  title = {Machine Learning: A Probabilistic Perspective},
  year = {2012},
  isbn = {0262018020, 9780262018029},
  publisher = {The MIT Press},
} 

@book{Boyd2004Convex,
  title={Convex Optimization},
  author={Boyd, S. and Boyd, S.P. and Vandenberghe, L. and Cambridge University Press},
  isbn={9780521833783},
  lccn={2003063284},
  series={Berichte {\"u}ber verteilte messysteme},
  url={https://books.google.co.uk/books?id=mYm0bLd3fcoC},
  year={2004},
  publisher={Cambridge University Press}
}

@Book{CLRS,
  added-at = {2012-02-12T20:02:28.000+0100},
  author = {Cormen, Thomas H. and Leiserson, Charles E. and Rivest, Ronald L. and Stein, Clifford},
  biburl = {https://www.bibsonomy.org/bibtex/2225d42638921bee01b4ac8ff991b0a6a/pvortex3},
  edition = 2,
  interhash = {dcdeb0ec50a6798abf1724056982b543},
  intrahash = {225d42638921bee01b4ac8ff991b0a6a},
  keywords = {},
  publisher = {The MIT Press},
  timestamp = {2012-02-12T20:02:28.000+0100},
  title = {Introduction to Algorithms},
  year = 2001
}

@Book{ElemLinAlg,
  author = {Anton, Howard},
  title = {Elementary Linear Algebra},
  year = {1991},
  isbn = {0471544396},
  publisher = {Wiley},
} 

@Book{GPML,
  author = {Carl Edward Rasmussen},
  title = {Gaussian processes for machine learning},
  year = {2006},
  publisher = {MIT Press}
}