@Article{Shuster1993,
  author       = {{Shuster}, M.~D.},
  title        = {{Survey of attitude representations}},
  volume       = {41},
  pages        = {439--517},
  adsnote      = {Provided by the SAO/NASA Astrophysics Data System},
  adsurl       = {http://adsabs.harvard.edu/abs/1993JAnSc..41..439S},
  date         = {1993-10},
  journaltitle = {Journal of the Astronautical Sciences},
}
