%-------------------------GAUSSIAN PROCESS PAPERS-------------------------
@Article{Lawrence2005,
  author       = {Lawrence, Neil},
  title        = {Probabilistic Non-linear Principal Component Analysis with Gaussian Process Latent Variable Models},
  volume       = {6},
  pages        = {1783--1816},
  issn         = {1532-4435},
  acmid        = {1194904},
  date         = {2005-12},
  issue_date   = {12/1/2005},
  journaltitle = {J. Mach. Learn. Res.},
  numpages     = {34},
  publisher    = {JMLR.org},
  url          = {http://dl.acm.org/citation.cfm?id=1046920.1194904},
}
