%-------------------------NON OBJECTS PAPERS-------------------------
@InProceedings{Bibby2008,
	author    = {C. Bibby and I. Reid},
	title     = {Robust Real-Time Visual Tracking using Pixel-Wise Posteriors},
	booktitle = {Proceedings of European Conference on Computer Vision},
	date      = {2008},
}


%-------------------------OBJECT RECONSTRUCTION PAPERS-------------------------
@InProceedings{Kolev2006,
	author    = {Kolev, Kalin and Brox, Thomas and Cremers, Daniel},
	title     = {Robust Variational Segmentation of 3D Objects from Multiple Views},
	booktitle = {Proceedings of the 28\textsuperscript{th} Conference on Pattern Recognition},
	series    = {DAGM'06},
	pages     = {688--697},
	address   = {Berlin, Heidelberg},
	publisher = {Springer-Verlag},
	acmid     = {2087032},
	date      = {2006},
	doi       = {10.1007/11861898_69},
	isbn      = {3-540-44412-2, 978-3-540-44412-1},
	location  = {Berlin, Germany},
	numpages  = {10},
}


@InProceedings{Weise2009,
	author    = {T. Weise and T. Wismer and B. Leibe and L. Van Gool},
	title     = {In-hand scanning with online loop closure},
	booktitle = {2009 IEEE 12\textsuperscript{th} International Conference on Computer Vision Workshops, ICCV Workshops},
	pages     = {1630--1637},
	date      = {2009-09},
	doi       = {10.1109/ICCVW.2009.5457479},
	keywords  = {image scanners;solid modelling;three-dimensional displays;3D inhand scanning system;3D object model;3D patches;3D range scanner;error handling procedure;online loop closure;scanning errors;Cameras;Clouds;Computer vision;Conferences;Cultural differences;Deformable models;Laboratories;Pipelines;Real time systems;Turning},
}

@InProceedings{Ren2013,
	author    = {Ren, C.Y. and Prisacariu, V. and Murray, D. and Reid, I.},
	title     = {STAR3D: Simultaneous Tracking and Reconstruction of 3D Objects Using RGB-D Data},
	booktitle = {Computer Vision (ICCV), 2013 IEEE International Conference on},
	pages     = {1561--1568},
	date      = {2013-12},
	doi       = {10.1109/ICCV.2013.197},
}


@InProceedings{Dame2013,
	author    = {Amaury Dame and Victor Adrian Prisacariu and Carl Yuheng Ren and Ian D. Reid},
	title     = {Dense Reconstruction Using 3D Object Shape Priors},
	booktitle = {2013 {IEEE} Conference on Computer Vision and Pattern Recognition, Portland, OR, USA, June 23-28, 2013},
	pages     = {1288--1295},
	bibsource = {dblp computer science bibliography, http://dblp.org},
	biburl    = {http://dblp.org/rec/bib/conf/cvpr/DamePRR13},
	crossref  = {DBLP:conf/cvpr/2013},
	date      = {2013},
	doi       = {10.1109/CVPR.2013.170},
	timestamp = {Thu, 25 May 2017 00:41:16 +0200},
}

@InProceedings{Dou2015,
	author    = {M. Dou and J. Taylor and H. Fuchs and A. Fitzgibbon and S. Izadi},
	title     = {3D scanning deformable objects with a single RGBD sensor},
	booktitle = {2015 IEEE Conference on Computer Vision and Pattern Recognition (CVPR)},
	pages     = {493--501},
	date      = {2015-06},
	doi       = {10.1109/CVPR.2015.7298647},
	issn      = {1063-6919},
	keywords  = {image scanners;image sensors;image sequences;3D scanning system;Kinect sensor;RGBD sensor;alignment error distribution;bundle adjustment algorithm;deformable objects;input sequence;loop closure detection;object scanning;Cameras;Deformable models;Noise measurement;Shape;Standards;Surface reconstruction;Three-dimensional displays},
}


@Article{Gupta2016,
	author       = {Tanmay Gupta and Daeyun Shin and Naren Sivagnanadasan and Derek Hoiem},
	title        = {3DFS: Deformable Dense Depth Fusion and Segmentation for Object Reconstruction from a Handheld Camera},
	volume       = {abs/1606.05002},
	date         = {2016},
	journaltitle = {CoRR},
}


%-------------------------OBJECT PREDICTION PAPERS-------------------------