%-------------------------NON SEGMENTATION PAPERS-------------------------
@InProceedings{Abdulsalam2007,
	author    = {H. Abdulsalam and D. B. Skillicorn and P. Martin},
	title     = {Streaming Random Forests},
	booktitle = {11th International Database Engineering and Applications Symposium (IDEAS 2007)},
	pages     = {225-232},
	date      = {2007-09},
	doi       = {10.1109/IDEAS.2007.4318108},
	issn      = {1098-8068},
	keywords  = {classification;data mining;decision trees;data mining;data streams;multiple decision trees;random forest streaming;stream classification;Approximation algorithms;Classification tree analysis;Clustering algorithms;Data flow computing;Data mining;Decision trees;Loans and mortgages;Predictive models;Robustness;Testing;Classification;Data mining;Data-stream classification;Decision trees;Random Forests.},
}

@Article{Bengio2013,
	author    = {Bengio, Y and Courville, Aaron and Vincent, Pascal},
	title     = {Representation Learning: A Review and New Perspectives},
	volume    = {35},
	pages     = {1798-1828},
	booktitle = {IEEE transactions on pattern analysis and machine intelligence},
	date      = {2013-08},
}

@InProceedings{Girshick2014,
	author    = {Girshick, Ross and Donahue, Jeff and Darrell, Trevor and Malik, Jitendra},
	title     = {Rich Feature Hierarchies for Accurate Object Detection and Semantic Segmentation},
	booktitle = {Proceedings of the 2014 IEEE Conference on Computer Vision and Pattern Recognition},
	series    = {CVPR '14},
	pages     = {580--587},
	publisher = {IEEE Computer Society},
	acmid     = {2679851},
	date      = {2014},
	doi       = {10.1109/CVPR.2014.81},
	isbn      = {978-1-4799-5118-5},
	location  = {Washington, DC, USA},
	numpages  = {8},
}

@InProceedings{Abdulsalam2007,
	author    = {H. Abdulsalam and D. B. Skillicorn and P. Martin},
	title     = {Streaming Random Forests},
	booktitle = {11th International Database Engineering and Applications Symposium (IDEAS 2007)},
	pages     = {225-232},
	date      = {2007-09},
	doi       = {10.1109/IDEAS.2007.4318108},
	issn      = {1098-8068},
	keywords  = {classification;data mining;decision trees;data mining;data streams;multiple decision trees;random forest streaming;stream classification;Approximation algorithms;Classification tree analysis;Clustering algorithms;Data flow computing;Data mining;Decision trees;Loans and mortgages;Predictive models;Robustness;Testing;Classification;Data mining;Data-stream classification;Decision trees;Random Forests.},
}

@InProceedings{Xing2002,
	author    = {Xing, Eric P. and Jordan, Michael I. and Russell, Stuart},
	title     = {A Generalized Mean Field Algorithm for Variational Inference in Exponential Families},
	booktitle = {Proceedings of the Nineteenth Conference on Uncertainty in Artificial Intelligence},
	series    = {UAI'03},
	pages     = {583--591},
	address   = {San Francisco, CA, USA},
	publisher = {Morgan Kaufmann Publishers Inc.},
	acmid     = {2100655},
	date      = {2003},
	isbn      = {0-127-05664-5},
	location  = {Acapulco, Mexico},
	numpages  = {9},
	url       = {http://dl.acm.org/citation.cfm?id=2100584.2100655},
}

@InCollection{Krahenbuhl2011,
	author    = {Philipp Kr\"{a}henb\"{u}hl and Koltun, Vladlen},
	title     = {Efficient Inference in Fully Connected CRFs with Gaussian Edge Potentials},
	booktitle = {Advances in Neural Information Processing Systems 24},
	publisher = {Curran Associates, Inc.},
	editor    = {J. Shawe-Taylor and R. S. Zemel and P. L. Bartlett and F. Pereira and K. Q. Weinberger},
	pages     = {109--117},
	date      = {2011},
	url       = {http://papers.nips.cc/paper/4296-efficient-inference-in-fully-connected-crfs-with-gaussian-edge-potentials.pdf},
}

@Article{Shelhamer2017,
	author       = {E. Shelhamer and J. Long and T. Darrell},
	title        = {Fully Convolutional Networks for Semantic Segmentation},
	volume       = {39},
	number       = {4},
	pages        = {640--651},
	issn         = {0162-8828},
	date         = {2017-04},
	doi          = {10.1109/TPAMI.2016.2572683},
	journaltitle = {IEEE Transactions on Pattern Analysis and Machine Intelligence},
	keywords     = {feedforward neural nets;image classification;image representation;image resolution;image segmentation;learning (artificial intelligence);transforms;NYUDv2;PASCAL VOC;PASCAL-Context;SIFT Flow;coarse layer;contemporary classification networks;correspondingly-sized output;fine layer;fully convolutional networks;learned representations;semantic segmentation;spatially dense prediction tasks;visual models;Computer architecture;Convolution;Fuses;Image segmentation;Proposals;Semantics;Training;Convolutional Networks;Deep Learning;Semantic Segmentation;Transfer Learning},
}

%-------------------------SEGMENTATION PAPERS-------------------------
@InProceedings{Civera2011,
	author    = {J. Civera and D. Galvez-Lopez and L. Riazuelo and J. D. Tardos and J. M. M. Montiel},
	title     = {Towards semantic SLAM using a monocular camera},
	booktitle = {2011 IEEE/RSJ International Conference on Intelligent Robots and Systems},
	year      = {2011},
	pages     = {1277-1284},
	month     = {Sept},
	doi       = {10.1109/IROS.2011.6094648},
	issn      = {2153-0858},
	keywords  = {Kalman filters;SLAM (robots);cameras;image sequences;object recognition;robot vision;extended Kalman filter;geometric map;hand held camera;monocular SLAM system;monocular camera;monocular image sequence;object recognition thread;robot;semantic SLAM algorithm;simultaneous localisation and mapping;Cameras;Object recognition;Semantics;Simultaneous localization and mapping;Solid modeling;Three dimensional displays},
}

@InProceedings{Stuckler2012,
	author={J. Stuckler and N. Biresev and S. Behnke},
	booktitle={2012 IEEE/RSJ International Conference on Intelligent Robots and Systems},
	title={Semantic mapping using object-class segmentation of RGB-D images},
	year={2012},
	volume={},
	number={},
	pages={3005-3010},
	keywords={SLAM (robots);belief networks;cameras;decision making;image colour analysis;image segmentation;image sensors;image texture;object recognition;path planning;Bayesian framework;RGB-D cameras;RGB-D images;dense depth measurements;object recognition method;object-class segmentation;object-class segmentation method;probabilistic segmentation;random decision forests;scale-invariance;semantic mapping;simultaneous localization and mapping;task execution;task planning;unstructured environments;voxel-based 3D map;Accuracy;Decision trees;Image color analysis;Image segmentation;Semantics;Simultaneous localization and mapping;Training},
	doi={10.1109/IROS.2012.6385983},
	ISSN={2153-0858},
	month={Oct}
}

@Article{Handa2015,
	author       = {Ankur Handa and Viorica Patraucean and Vijay Badrinarayanan and Simon Stent and Roberto Cipolla},
	title        = {SynthCam3D: Semantic Understanding With Synthetic Indoor Scenes},
	volume       = {abs/1505.00171},
	date         = {2015},
	journaltitle = {CoRR},
}

@Article{Valentin2015,
	author       = {Valentin, Julien and Vineet, Vibhav and Cheng, Ming-Ming and Kim, David and Shotton, Jamie and Kohli, Pushmeet and Niessner, Matthias and Criminisi, Antonio and Izadi, Shahram and Torr, Philip},
	title        = {SemanticPaint: Interactive 3D Labeling and Learning at Your Fingertips},
	volume       = {34},
	number       = {5},
	pages        = {154:1--154:17},
	issn         = {0730-0301},
	acmid        = {2751556},
	articleno    = {154},
	date         = {2015-11},
	doi          = {10.1145/2751556},
	issue_date   = {October 2015},
	journaltitle = {ACM Trans. Graph.},
	keywords     = {3D features, 3D scene understanding, Interactive, depth camera, learning, online, segmentation},
	location     = {New York, NY, USA},
	numpages     = {17},
	publisher    = {ACM},
}

@Article{Golodetz2015,
	author       = {Stuart Golodetz and Michael Sapienza and Julien P. C. Valentin and Vibhav Vineet and Ming{-}Ming Cheng and Anurag Arnab and Victor Adrian Prisacariu and Olaf K{\"{a}}hler and Carl Yuheng Ren and David W. Murray and Shahram Izadi and Philip H. S. Torr},
	title        = {SemanticPaint: {A} Framework for the Interactive Segmentation of 3D Scenes},
	volume       = {abs/1510.03727},
	date         = {2015},
	journaltitle = {CoRR},
}

@Inbook{Cavallari2016,
	author="Cavallari, Tommaso
	and Di Stefano, Luigi",
	editor="Hua, Gang
	and J{\'e}gou, Herv{\'e}",
	title="On-Line Large Scale Semantic Fusion",
	bookTitle="Computer Vision -- ECCV 2016 Workshops: Amsterdam, The Netherlands, October 8-10 and 15-16, 2016, Proceedings, Part III",
	year="2016",
	publisher="Springer International Publishing",
	address="Cham",
	pages="83--99",
	isbn="978-3-319-49409-8",
	doi="10.1007/978-3-319-49409-8_10",
	url="https://doi.org/10.1007/978-3-319-49409-8_10"
}